<record><leader>00000cas a2200000 a 4500</leader><controlfield tag="001">14510269</controlfield><controlfield tag="008">861023d1859188uinuwr ne      0    0eng c</controlfield><datafield ind1=" " ind2=" " tag="010"><subfield code="a">sn 86058804 </subfield></datafield><datafield ind1=" " ind2=" " tag="040"><subfield code="a">NPI</subfield><subfield code="b">eng</subfield><subfield code="c">NPI</subfield><subfield code="d">OCLCQ</subfield><subfield code="d">IUL</subfield><subfield code="d">OCLCF</subfield></datafield><datafield ind1=" " ind2=" " tag="042"><subfield code="a">pcc</subfield></datafield><datafield ind1=" " ind2=" " tag="043"><subfield code="a">n-us-in</subfield></datafield><datafield ind1="0" ind2="0" tag="245"><subfield code="a">Huntington Democrat.</subfield></datafield><datafield ind1=" " ind2=" " tag="260"><subfield code="a">Huntington, Ind. :</subfield><subfield code="b">Kocher &amp; Winter</subfield></datafield><datafield ind1=" " ind2=" " tag="300"><subfield code="a">v. ;</subfield><subfield code="c">64 cm.</subfield></datafield><datafield ind1=" " ind2=" " tag="310"><subfield code="a">Weekly</subfield></datafield><datafield ind1="1" ind2=" " tag="362"><subfield code="a">Began in 1859.</subfield></datafield><datafield ind1=" " ind2=" " tag="588"><subfield code="a">Description based on: Vol. 2, no. 41 (Apr. 19, 1860); title from masthead.</subfield></datafield><datafield ind1=" " ind2=" " tag="588"><subfield code="a">Latest issue consulted: Vol. XXXII, no. 29 (December 26, 1889); U.S. Newspaper Archive (viewed Aug. 24, 2017).</subfield></datafield><datafield ind1=" " ind2="0" tag="651"><subfield code="a">Huntington (Ind.)</subfield><subfield code="v">Newspapers.</subfield></datafield><datafield ind1=" " ind2="0" tag="651"><subfield code="a">Huntington County (Ind.)</subfield><subfield code="v">Newspapers.</subfield></datafield><datafield ind1=" " ind2="7" tag="651"><subfield code="a">Indiana</subfield><subfield code="z">Huntington.</subfield><subfield code="2">fast</subfield><subfield code="0">(OCoLC)fst01213857</subfield></datafield><datafield ind1=" " ind2="7" tag="651"><subfield code="a">Indiana</subfield><subfield code="z">Huntington County.</subfield><subfield code="2">fast</subfield><subfield code="0">(OCoLC)fst01221015</subfield></datafield><datafield ind1=" " ind2="7" tag="655"><subfield code="a">Newspapers.</subfield><subfield code="2">fast</subfield><subfield code="0">(OCoLC)fst01423814</subfield></datafield><datafield ind1=" " ind2=" " tag="752"><subfield code="a">United States</subfield><subfield code="b">Indiana</subfield><subfield code="c">Huntington</subfield><subfield code="d">Huntington.</subfield></datafield><datafield ind1="0" ind2="0" tag="780"><subfield code="t">Republican bugle</subfield></datafield><datafield ind1="0" ind2="0" tag="785"><subfield code="t">Daily Democrat (Huntington, Ind.)</subfield><subfield code="w">(DLC)sn 86058801</subfield><subfield code="w">(OCoLC)14510370</subfield></datafield><datafield ind1="4" ind2="1" tag="856"><subfield code="u">https://access.newspaperarchive.com/us/indiana/huntington/huntington-democrat/</subfield></datafield><datafield ind1="4" ind2="1" tag="856"><subfield code="u">https://access.newspaperarchive.com/us/indiana/huntington/huntington-news-democrat/</subfield></datafield></record>